@inbook{curtis,
  author    = "Howard Curtis",
  title     = "Orbital Mechanics for Engineering Students",
  chapter   = "11",
  publisher = "Elsevier",
  year      = "2004",
  series    = "Elsevier aerospace engineering series",
  pages     = "551-578",
}